<?xml version="1.0" encoding="UTF-8"?><record xmlns="http://www.loc.gov/MARC21/slim" xmlns:cinclude="http://apache.org/cocoon/include/1.0" xmlns:zs="http://www.loc.gov/zing/srw/">
  <leader>01149nz  a2200241n  4500</leader>
  <controlfield tag="001">nb2014024604</controlfield>
  <controlfield tag="003">DLC</controlfield>
  <controlfield tag="005">20141028050905.0</controlfield>
  <controlfield tag="008">141027n| azannaabn          |n aaa      </controlfield>
  <datafield tag="010" ind1=" " ind2=" ">
    <subfield code="a">nb2014024604</subfield>
  </datafield>
  <datafield tag="035" ind1=" " ind2=" ">
    <subfield code="a">(Uk)009171685</subfield>
  </datafield>
  <datafield tag="040" ind1=" " ind2=" ">
    <subfield code="a">Uk</subfield>
    <subfield code="b">eng</subfield>
    <subfield code="e">rda</subfield>
    <subfield code="c">Uk</subfield>
  </datafield>
  <datafield tag="046" ind1=" " ind2=" ">
    <subfield code="s">20</subfield>
  </datafield>
  <datafield tag="100" ind1="1" ind2=" ">
    <subfield code="a">Sharma, Sandeep</subfield>
    <subfield code="c">(Marketing executive)</subfield>
  </datafield>
  <datafield tag="370" ind1=" " ind2=" ">
    <subfield code="f">Kuala Lumpur (Malaysia)</subfield>
    <subfield code="f">Nottingham (England)</subfield>
    <subfield code="2">naf</subfield>
  </datafield>
  <datafield tag="372" ind1=" " ind2=" ">
    <subfield code="a">Marketing</subfield>
    <subfield code="a">Industrial management</subfield>
    <subfield code="2">lcsh</subfield>
  </datafield>
  <datafield tag="373" ind1=" " ind2=" ">
    <subfield code="a">Nottingham Trent University</subfield>
    <subfield code="2">naf</subfield>
  </datafield>
  <datafield tag="373" ind1=" " ind2=" ">
    <subfield code="a">Olympia Business School</subfield>
  </datafield>
  <datafield tag="374" ind1=" " ind2=" ">
    <subfield code="a">Marketing executives</subfield>
  </datafield>
  <datafield tag="374" ind1=" " ind2=" ">
    <subfield code="a">Executives</subfield>
    <subfield code="2">lcsh</subfield>
  </datafield>
  <datafield tag="375" ind1=" " ind2=" ">
    <subfield code="a">male</subfield>
  </datafield>
  <datafield tag="377" ind1=" " ind2=" ">
    <subfield code="a">eng</subfield>
  </datafield>
  <datafield tag="670" ind1=" " ind2=" ">
    <subfield code="a">India and China strategic energy management and security, 2014:</subfield>
    <subfield code="b">t.p. (Sandeep Sharma) back cover ([holds] a Masters in Business Administration from Olympia Business School, Raffles Education Group, Lumpur, Malaysia, (Degree from Nottingham Trent University, U.K), and completed doctorate in Management. He is one of the most acclaimed names in the sphere of Sales &amp; Marketing and Life Skills. He has held seminars on Sales &amp; Marketing and Life Skills for number of colleges in India and abroad)</subfield>
  </datafield>
</record>